<?xml version="1.0" encoding="UTF-8"?><collection xmlns="http://www.loc.gov/MARC21/slim"><record><leader>00523nam--2200157-i-4500</leader><controlfield tag="001">000009220</controlfield><controlfield tag="002">20161230</controlfield><controlfield tag="005">20170114001140</controlfield><controlfield tag="008">060222s1000------------r-----000-0-eng-d</controlfield><datafield ind1=" " ind2=" " tag="080"><subfield code="a">551</subfield></datafield><datafield ind1=" " ind2=" " tag="100"><subfield code="a">Cahen, L</subfield></datafield><datafield ind1=" " ind2=" " tag="245"><subfield code="a">Three contributions to the geochronology and petrogenesis granitic rocks in the cooperbelt of Zambia and Southeast Katanga province (republic of the Congo)</subfield></datafield><datafield ind1=" " ind2=" " tag="260"><subfield code="a">Tervuren, Belgique</subfield><subfield code="b">Musee Royal De L Afrique Centrale</subfield><subfield code="c">1970</subfield></datafield><datafield ind1=" " ind2=" " tag="300"><subfield code="a">97 p</subfield></datafield><datafield ind1=" " ind2=" " tag="852"><subfield code="a">32526</subfield></datafield><datafield ind1=" " ind2=" " tag="CAT"><subfield code="a">SYS</subfield><subfield code="c">20170114</subfield><subfield code="h">001140</subfield></datafield></record></collection>